@article{rychly2008lexicographer,
  title={A lexicographer-friendly association score},
  author={Rychl{\'y}, Pavel},
  journal={Proceedings of Recent Advances in Slavonic Natural Language Processing, RASLAN},
  pages={6--9},
  year={2008}
}

@article{church1990word,
  title={Word association norms, mutual information, and lexicography},
  author={Church, Kenneth Ward and Hanks, Patrick},
  journal={Computational linguistics},
  volume={16},
  number={1},
  pages={22--29},
  year={1990},
  publisher={MIT Press}
}

@inproceedings{arasu2004cql,
  title={CQL: A language for continuous queries over streams and relations},
  author={Arasu, Arvind and Babu, Shivnath and Widom, Jennifer},
  booktitle={Database Programming Languages},
  pages={1--19},
  year={2004},
  organization={Springer}
}
@phdthesis{grac2013rapid,
  title={Rapid Development of Language Resources},
  author={Gr{\'a}c, Marek},
  year={2013},
  school={Dissertation, Masaryk University in Brno}
}

@inproceedings{jakubivcek2013tenten,
  title={The TenTen Corpus Family},
  author={Jakub{\'\i}{\v{c}}ek, Milo{\v{s}} and Kilgarriff, Adam and Kov{\'a}{\v{r}}, Vojt{\v{e}}ch and Rychl{\'y}, Pavel and Suchomel, V{\'\i}t and others},
  booktitle={Proc. Int. Conf. on Corpus Linguistics},
  year={2013}
}

@article{kilgarriff2012corpus,
  title={Corpus tools for lexicographers},
  author={Kilgarriff, Adam and Kosem, Iztok},
  journal={Granger, S. and M. Paquot (Eds.)},
  volume={2012},
  pages={31--55},
  year={2012}
}


@article{czwordnet,
  title={{Building Czech WordNet}},
  author={Pala, K. and Smr{\v{z}}, P.},
  journal={Romanian Journal of Information Science and Technology},
  volume={7},
  number={2-3},
  pages={79--88},
  year={2004}
}

@misc(manual_pdt,
  author = "Haji\v{c}, J. and Panevov\'a, J. and Bur\'a\v{n}ov\'a, E. and Ure\v{s}ov\'a, Z. and \v{S}t\v{e}p\'anek, J. and Pajas, P. and K\'arn\'ik, J.",
  title = "Anotace na analytick\'e rovin\v{e} -- {N}\'avod pro anot\'atory",
  year = 2005
)

@inProceedings{pdt20,
    Author = {Haji{\v{c}}, J.},
    Title = {{Complex Corpus Annotation: The Prague Dependency Treebank}},
    Publisher = {Jazykovedn{\'y} {\'u}stav {\v{L}}. {\v{S}}t{\'u}ra, SAV},
    Address = {Bratislava, Slovakia},
    Year = {2004},
}

}

@inproceedings(desam,
    author      = "Pala, K. and Rychl\'{y}, P. and Smr\v{z}, P.",
    title       = "{DESAM} --- Annotated Corpus for {C}zech",
    booktitle   = "Proceedings of {SOFSEM}'97",
    pages       = "523--530",
    year        = 1997,
    publisher   = "Springer-Verlag",
    note        = "Lecture Notes in Computer Science 1338"
)

@InProceedings{nite,
		 author={Soria, C. and Bernsen, N. O. and Cadee, N. and Carletta, J. and Dybkjaer, L. and Evert, S. and Heid, U. and Isard, A. and Kolodnytsky, M. and Lauer, C.and Lezius, W. and Noldus, L. and Pirrelli, V. and Reithinger, N.},
	     year = {2002},
	   	 title = {Advanced tools for the study of natural interactivity},
	     booktitle = {Third International Conference on Language Resources and Evaluation (LREC 2002)},
	     address = {Las Palmas, Spain},
}

@InProceedings{set,
  author    =    "Kov\'{a}\v{r}, V. and Hor\'{a}k, A. and Jakub\'{i}\v{c}ek, M.",
  title     =    "Syntactic Analysis as Pattern Matching: The {SET} Parsing System",
  booktitle =    "Proceedings of the 4th Language \& Technology Conference",
  address   =    "Pozna≈à, Poland",
  year      =    2009,
  pages     =    "100--104",
}

@inproceedings{verbalex,
    author = "{H}or\'{a}k, {A}le\v{s} and {P}ala, {K}arel",
    year = 2007,
    title = "Building a Large Lexicon of Complex Valency Frames",
    booktitle = "Proceedings of the FRAME 2007: Building Frame Semantics Resources for Scandinavian and Baltic Languages",
    pages = "31--38",
    address = "Lund University, Sweden",
    publisher = "Tartu, Estonia",
}

@inproceedings{cohenKappa,
	author = "Cohen, Jacob",
	year = 1960,
	title = "A coefficient of agreement for nominal scales",
	booktitle = "Educational and Psychological Measurement",
	volume = 20,
	pages = "37--46",
}

@inproceedings{paclic,	
	author = "{J}akub\'{i}\v{c}ek, {M}ilo\v{s} and {K}ov\'{a}\v{r}, {V}ojta and {G}r\'{a}c, {M}arek",
	year = 2010,
	title = "Through Low-Cost Annotation to Reliable Parsing Evaluation",
	booktitle = "PACLIC 24 Proceedings of the 24th Pacific Asia Conference on Language, Information and Computation",
}

@inproceedings{crowd,
 author = {Munro, Robert and Bethard, Steven and Kuperman, Victor and Lai, Vicky Tzuyin and Melnick, Robin and Potts, Christopher and Schnoebelen, Tyler and Tily, Harry},
 title = {Crowdsourcing and language studies: the new generation of linguistic data},
 booktitle = {Proceedings of the NAACL HLT 2010 Workshop on Creating Speech and Language Data with Amazon's Mechanical Turk},
 series = {CSLDAMT '10},
 year = {2010},
 location = {Los Angeles, California},
 pages = {122--130},
 numpages = {9},
 url = {http://portal.acm.org/citation.cfm?id=1866696.1866715},
 acmid = {1866715},
 publisher = {Association for Computational Linguistics},
 address = {Stroudsburg, PA, USA},
} 

@inproceedings{sholva,
  title={Shallow Ontology Based on VerbaLex},
  author={Gr{\'a}c, M.},
  booktitle={Slovko 2009},
  year = {2009},
  journal={NLP, Corpus Linguistics, Corpus Based Grammar Research},
  pages={114}
}

@inproceedings{webbootcat,
  title={WebBootCaT: instant domain-specific corpora to support human translators},
  author={Baroni, M. and Kilgarriff, A. and Pomik{\'a}lek, J. and Rychl{\`y}, P.},
  booktitle={Proceedings of EAMT},
  pages={247--252},
  year={2006},
  organization={Citeseer}
}


@article{penn,
  title={Building a large annotated corpus of English: The Penn Treebank},
  author={Marcus, M.P. and Marcinkiewicz, M.A. and Santorini, B.},
  journal={Computational linguistics},
  volume={19},
  number={2},
  pages={313--330},
  year={1993},
  publisher={MIT Press}
}


@article{nxt,
  title={The NITE XML toolkit: data model and query language},
  author={Carletta, J. and Evert, S. and Heid, U. and Kilgour, J.},
  journal={Language resources and evaluation},
  volume={39},
  number={4},
  pages={313--334},
  year={2005},
  publisher={Springer}
}



@inproceedings{pdt-iaa,
title = {Ways of Evaluation of the Annotators in Building the Prague Czech-English Dependency Treebank},
author = {Marie Mikulov{\'{a}} and Jan {\v{S}}t{\v{e}}p{\'{a}}nek},
year = {2010},
pages = {1836--1839},
crossref = {biblio:7thConference2010},
booktitle = {Proceedings of the 7th International Conference on Language Resources and Evaluation ({LREC} 2010)},
}

@proceedings{ biblio:7thConference2010,
title = {Proceedings of the 7th International Conference on Language Resources and Evaluation ({LREC} 2010)},
year = {2010},
publisher = {European Language Resources Association},
address = {Valletta, Malta},
venue = {Mediterranean Conference Centre},
isbn = {2-9517408-6-7},
}

@article{carletta-1996,
  title={Assessing agreement on classification tasks: the kappa statistic},
  author={Carletta, J.},
  journal={Computational linguistics},
  volume={22},
  number={2},
  pages={249--254},
  year={1996},
  publisher={MIT Press}
}

@article{eugenio-2004,
  title={The kappa statistic: A second look},
  author={Eugenio, B.D. and Glass, M.},
  journal={Computational linguistics},
  volume={30},
  number={1},
  pages={95--101},
  year={2004},
  publisher={MIT Press}
}

@article{palmer2005proposition,
  title={The proposition bank: An annotated corpus of semantic roles},
  author={Palmer, M. and Gildea, D. and Kingsbury, P.},
  journal={Computational Linguistics},
  volume={31},
  number={1},
  pages={71--106},
  year={2005},
  publisher={MIT Press}
}

@inproceedings{palmer2004,
  title={The English all-words task},
  author={Snyder, B. and Palmer, M.},
  booktitle={Senseval-3: Third International Workshop on the Evaluation of Systems for the Semantic Analysis of Text},
  pages={41--43},
  year={2004}
}
